@article{Bertone:2004pz,
    author = "Bertone, Gianfranco and Hooper, Dan and Silk, Joseph",
    title = "{Particle dark matter: Evidence, candidates and constraints}",
    eprint = "hep-ph/0404175",
    archivePrefix = "arXiv",
    reportNumber = "FERMILAB-PUB-04-047-A",
    doi = "10.1016/j.physrep.2004.08.031",
    journal = "Phys. Rept.",
    volume = "405",
    pages = "279--390",
    year = "2005"
}
@article{Mayet:2016zxu,
    author = "Mayet, F. and others",
    title = "{A review of the discovery reach of directional Dark Matter detection}",
    eprint = "1602.03781",
    archivePrefix = "arXiv",
    primaryClass = "astro-ph.CO",
    doi = "10.1016/j.physrep.2016.02.007",
    journal = "Phys. Rept.",
    volume = "627",
    pages = "1--49",
    year = "2016"
}

@article{bib:gem,
    author = "Sauli, F.",
    doi = "10.1016/S0168-9002(96)01172-2",
    journal = "Nucl. Instrum. Meth. A",
    pages = "531--534",
    title = "{GEM: A new concept for electron amplification in gas detectors}",
    volume = "386",
    year = "1997"
}

@article{bib:1,
      author         = "Battat, J. B. R. and others",
      title          = "{Low Threshold Results and Limits from the DRIFT
                        Directional Dark Matter Detector}",
      collaboration  = "DRIFT",
      journal        = "Astropart. Phys.",
      volume         = "91",
      year           = "2017",
      pages          = "65-74",
      doi            = "10.1016/j.astropartphys.2017.03.007",
      eprint         = "1701.00171",
      archivePrefix  = "arXiv",
      primaryClass   = "astro-ph.IM",
      SLACcitation   = "%%CITATION = ARXIV:1701.00171;%%"
}

@article{bib:2,
      author         = "Mayet, F. and others",
      title          = "{A review of the discovery reach of directional Dark
                        Matter detection}",
      journal        = "Phys. Rept.",
      volume         = "627",
      year           = "2016",
      pages          = "1-49",
      doi            = "10.1016/j.physrep.2016.02.007",
      eprint         = "1602.03781",
      archivePrefix  = "arXiv",
      primaryClass   = "astro-ph.CO",
      SLACcitation   = "%%CITATION = ARXIV:1602.03781;%%"
}

@article{bib:3,
      author         = "Nakazawa, Miki and others",
      title          = "{Prototype Analog Front-end for Negative-ion Gas and
                        Dual-phase Liquid-Ar TPCs}",
      journal        = "JINST",
      volume         = "14",
      year           = "2019",
      number         = "01",
      pages          = "T01008",
      doi            = "10.1088/1748-0221/14/01/T01008",
      eprint         = "1901.02587",
      archivePrefix  = "arXiv",
      primaryClass   = "physics.ins-det",
      SLACcitation   = "%%CITATION = ARXIV:1901.02587;%%"
}

@article{bib:4,
      author         = "Cavoto, G. and Luchetta, F. and Polosa, A. D.",
      title          = "{Sub-GeV Dark Matter Detection with Electron Recoils in
                        Carbon Nanotubes}",
      journal        = "Phys. Lett.",
      volume         = "B776",
      year           = "2018",
      pages          = "338-344",
      doi            = "10.1016/j.physletb.2017.11.064",
      eprint         = "1706.02487",
      archivePrefix  = "arXiv",
      primaryClass   = "hep-ph",
      SLACcitation   = "%%CITATION = ARXIV:1706.02487;%%"
}
@article{bib:nitec,
      author         = "Baracchini, E. and Cavoto, G. and Mazzitelli, G. and
                        Murtas, F. and Renga, F. and Tomassini, S.",
      title          = "{Negative Ion Time Projection Chamber operation with
                        SF$_6$ at nearly atmospheric pressure}",
      journal        = "JINST",
      volume         = "13",
      year           = "2018",
      number         = "04",
      pages          = "P04022",
      doi            = "10.1088/1748-0221/13/04/P04022",
      eprint         = "1710.01994",
      archivePrefix  = "arXiv",
      primaryClass   = "physics.ins-det",
      SLACcitation   = "%%CITATION = ARXIV:1710.01994;%%"
}


@article{bib:tpc1,
    author = "Marx, Jay N. and Nygren, David R.",
    title = "{The Time Projection Chamber}",
    reportNumber = "LBL-8367",
    doi = "10.1063/1.2994775",
    journal = "Phys. Today",
    volume = "31N10",
    pages = "46--53",
    year = "1978"
}

@article{bib:tpc2,
    author = "Nygren, D. R.",
    editor = "Kadyk, J and Nygren, D. and Wenzel, W. and Winkelmann, F.",
    title = "{The Time Projection Chamber: A New 4 pi Detector for Charged Particles}",
    reportNumber = "PEP-0144",
    journal = "eConf",
    volume = "C740805",
    pages = "58",
    year = "1974"
}

@article{bib:tpc3,
    author = "Atwood, W. B. and others",
    title = "{Performance of the ALEPH time projection chamber}",
    reportNumber = "CERN-PPE-91-24",
    doi = "10.1016/0168-9002(91)90038-R",
    journal = "Nucl. Instrum. Meth. A",
    volume = "306",
    pages = "446--458",
    year = "1991"
}

@article{bib:tpc4,
    author = "Lippmann, Christian",
    collaboration = "ALICE",
    title = "{Upgrade of the ALICE Time Projection Chamber}",
    reportNumber = "CERN-LHCC-2013-020, ALICE-TDR-016",
    month = "3",
    year = "2014"
}

@article{bib:alice,
    author = "Alme, J. and others",
    title = "{The ALICE TPC, a large 3-dimensional tracking device with fast readout for ultra-high multiplicity events}",
    eprint = "1001.1950",
    archivePrefix = "arXiv",
    primaryClass = "physics.ins-det",
    doi = "10.1016/j.nima.2010.04.042",
    journal = "Nucl. Instrum. Meth. A",
    volume = "622",
    pages = "316--367",
    year = "2010"
}
@article{bib:nim_orange1,
      author         = "Marafini, M. and Patera, V. and Pinci, D. and Sarti, A.
                        and Sciubba, A. and Spiriti, E.",
      title          = "{ORANGE: A high sensitivity particle tracker based on
                        optically read out GEM}",
      booktitle      = "{Proceedings, 14th Vienna Conference on Instrumentation
                        (VCI 2016): Vienna, Austria, February 15-19, 2016}",
      journal        = "Nucl. Instrum. Meth.",
      volume         = "A845",
      year           = "2017",
      pages          = "285-288",
      doi            = "10.1016/j.nima.2016.04.014",
      SLACcitation   = "%%CITATION = NUIMA,A845,285;%%"
}

@article{bib:jinst_orange1,
      author         = "Marafini, Michela and Patera, Vincenzo and Pinci, Davide
                        and Sarti, Alessio and Sciubba, A. and Spiriti, Eleuterio",
      title          = "{High granularity tracker based on a Triple-GEM optically
                        read by a CMOS-based camera}",
      journal        = "JINST",
      volume         = "10",
      year           = "2015",
      number         = "12",
      pages          = "P12010",
      doi            = "10.1088/1748-0221/10/12/P12010",
      eprint         = "1508.07143",
      archivePrefix  = "arXiv",
      primaryClass   = "physics.ins-det",
      SLACcitation   = "%%CITATION = ARXIV:1508.07143;%%"
}

@article{bib:ref1,
      author         = "Margato, L. M. S. and Fraga, F. A. F. and Fetal, S. T. G.
                        and Fraga, M. M. F. R. and Balau, E. F. S. and Blanco, A.
                        and Ferreira-Marques, R. and Policarpo, A. J. P. L.",
      title          = "{Performance of an optical readout GEM-based TPC}",
      booktitle      = "{Instrumentation. Proceedings, 10th International
                        Conference, VCI 10, Vienna, Austria, February 16-21,
                        2004}",
      journal        = "Nucl. Instrum. Meth.",
      volume         = "A535",
      year           = "2004",
      pages          = "231-235",
      doi            = "10.1016/j.nima.2004.07.126",
      SLACcitation   = "%%CITATION = NUIMA,A535,231;%%"
}

@article{bib:ref2,
      author         = "Monteiro, C. M. B. and Conceicao, A. S. and Amaro, F. D.
                        and Maia, J. M. and Bento, A. C. S. S. M. and Ferreira, L.
                        F. R. and Veloso, J. F. C. A. and dos Santos, J. M. F. and
                        Breskin, A. and Chechik, R.",
      title          = "{Secondary scintillation yield from gaseous micropattern
                        electron multipliers in direct dark matter detection}",
      journal        = "Phys. Lett.",
      volume         = "B677",
      year           = "2009",
      pages          = "133-138",
      doi            = "10.1016/j.physletb.2009.05.020",
      SLACcitation   = "%%CITATION = PHLTA,B677,133;%%"
}

@article{bib:ref3,
      author         = "Monteiro, C. M. B. and Fernandes, L. M. P. and Veloso, J.
                        F. C. A. and Oliveira, C. A. B. and dos Santos, J. M. F.",
      title          = "{Secondary scintillation yield from GEM and THGEM gaseous
                        electron multipliers for direct dark matter search}",
      journal        = "Phys. Lett.",
      volume         = "B714",
      year           = "2012",
      pages          = "18-23",
      doi            = "10.1016/j.physletb.2012.06.066",
      SLACcitation   = "%%CITATION = PHLTA,B714,18;%%"
}

@article{bib:ref6,
      author         = "Roy, S. and Rudra, S. and Shaw, S. and Adak, R. P. and
                        Biswas, S. and Das, S. and Ghosh, S. K. and Prasad, S. K.
                        and Raha, S.",
      title          = "{Study of stability of gain and energy resolution for GEM
                        detector in high rate operation}",
      year           = "2018",
      eprint         = "1804.02819",
      archivePrefix  = "arXiv",
      primaryClass   = "physics.ins-det",
      SLACcitation   = "%%CITATION = ARXIV:1804.02819;%%"
}

@article{bib:ref5,
      author         = "Ferrario, P. and others",
      title          = "{First proof of topological signature in the high
                        pressure xenon gas TPC with electroluminescence
                        amplification for the NEXT experiment}",
      collaboration  = "NEXT",
      journal        = "JHEP",
      volume         = "01",
      year           = "2016",
      pages          = "104",
      doi            = "10.1007/JHEP01(2016)104",
      eprint         = "1507.05902",
      archivePrefix  = "arXiv",
      primaryClass   = "physics.ins-det",
      reportNumber   = "FERMILAB-PUB-15-648-CD-ND",
      SLACcitation   = "%%CITATION = ARXIV:1507.05902;%%"
}

@article{bib:ref4,
      author         = "Bondar, A. and Buzulutskov, A. and Grebenuk, A. and
                        Sokolov, A. and Akimov, D. and Alexandrov, I. and Breskin,
                        A.",
      title          = "{Direct observation of avalanche scintillations in a
                        THGEM-based two-phase Ar avalanche detector using
                        Geiger-mode APD}",
      journal        = "JINST",
      volume         = "5",
      year           = "2010",
      pages          = "P08002",
      doi            = "10.1088/1748-0221/5/08/P08002",
      eprint         = "1005.5216",
      archivePrefix  = "arXiv",
      primaryClass   = "physics.ins-det",
      SLACcitation   = "%%CITATION = ARXIV:1005.5216;%%"
}

@article{bib:dune,
    author = "Chardonnet, E.",
    editor = "Nessi, Marzio",
    collaboration = "DUNE",
    title = "{The DUNE dual-phase liquid argon TPC}",
    doi = "10.1088/1748-0221/15/05/C05064",
    journal = "JINST",
    volume = "15",
    number = "05",
    pages = "C05064",
    year = "2020"
}

@ARTICLE{bib:ieee_orange,
   author = {{Marafini}, M. and {Patera}, V. and {Pinci}, D. and {Sarti}, A. and 
	{Sciubba}, A. and {Torchia}, N.~M.},
    title = "{Study of the Performance of an Optically Readout Triple-GEM}",
  journal = {IEEE Transactions on Nuclear Science},
     year = 2018,
    month = jan,
   volume = 65,
    pages = {604-608},
      doi = {10.1109/TNS.2017.2778503},
   adsurl = {http://adsabs.harvard.edu/abs/2018ITNS...65..604M},
  adsnote = {Provided by the SAO/NASA Astrophysics Data System}
}

@article{bib:nim_orange2,
      author         = {{Marafini}, M. and {Patera}, V. and {Pinci}, D. and {Sarti}, A. and 
	{Sciubba}, A. and {Torchia}, and {Spiriti}, E.},
      title          = "{Optical readout of a triple-GEM detector by means of a
                        CMOS sensor}",
      booktitle      = "{Proceedings, 13th Pisa Meeting on Advanced Detectors :
                        Frontier Detectors for Frontier Physics (FDFP 2015): La
                        Biodola, Isola d'Elba, Italy, May 24-30, 2015}",
      journal        = "Nucl. Instrum. Meth.",
      volume         = "A824",
      year           = "2016",
      pages          = "562-564",
      doi            = "10.1016/j.nima.2015.11.058",
      SLACcitation   = "%%CITATION = NUIMA,A824,562;%%"
}

@article{bib:eps,
      author         = "Pinci, Davide and Di Marco, Emanuele and Renga, Francesco
                        and Voena, Cecilia and Baracchini, Elisabetta and
                        Mazzitelli, Giovanni and Tomassini, Alessandro and Cavoto,
                        Gianluca and Antochi, Vasile Cristian and Marafini,
                        Michela",
      title          = "{Cygnus: development of a high resolution TPC for rare
                        events}",
      booktitle      = "{Proceedings, 2017 European Physical Society Conference
                        on High Energy Physics (EPS-HEP 2017): Venice, Italy, July
                        5-12, 2017}",
      journal        = "PoS",
      volume         = "EPS-HEP2017",
      year           = "2017",
      pages          = "077",
      doi            = "10.22323/1.314.0077",
      SLACcitation   = "%%CITATION = POSCI,EPS-HEP2017,077;%%"
}

@article{bib:jinst_orange2,
      author         = "Antochi, V. C. and Baracchini, E. and Cavoto, G. and
                        Marco, E. Di and Marafini, M. and Mazzitelli, G. and
                        Pinci, D. and Renga, F. and Tomassini, S. and Voena, C.",
      title          = "{Combined readout of a triple-GEM detector}",
      journal        = "JINST",
      volume         = "13",
      year           = "2018",
      number         = "05",
      pages          = "P05001",
      doi            = "10.1088/1748-0221/13/05/P05001",
      eprint         = "1803.06860",
      archivePrefix  = "arXiv",
      primaryClass   = "physics.ins-det",
      SLACcitation   = "CITATION = ARXIV:1803.06860;"
}

@phdthesis{bib:thesis,
      author         = "Pinci, Davide",
      title          = "{A triple-GEM detector for the muon system of the LHCb
                        experiment}",
      school         = "Cagliari University, CERN-THESIS-2006-070",
      year           = "2006",
      url            = "http://weblib.cern.ch/abstract?CERN-THESIS-2006-070",
      reportNumber   = "CERN-THESIS-2006-070",
      SLACcitation   = "CITATION = CERN-THESIS-2006-070;"
}

@article{bib:roby,
      author         = "Campagnola, Roberto",
      title          = "{Study and optimization of the light-yield of a triple-GEM detector }",
      school         = "Sapienza University of Rome",
      year           = "2018",
      url            = "https://cds.cern.ch/record/2313231/files/CERN-THESIS-2018-027.pdf",
      reportNumber   = "CERN-THESIS-2018-027",
      SLACcitation   = "CITATION = CERN-THESIS-2018-027;"
}


@article{bib:ccd1,
    author = "Fraga, F. A. F. and Margato, L. M. S. and Fetal, S. T. and Fraga, M. M. F. R. and Ferreira-Marques, R. and Policarpo, A. J. P. L. and Guerard, B. and Oed, A. and Manzini, G. and van Vuure, T.",
    editor = "Jeitler, M. and Krammer, M. and Neuhofer, G. and Regler, M. and Wedenig, R.",
    title = "{CCD readout of GEM-based neutron detectors}",
    doi = "10.1016/S0168-9002(01)01829-0",
    journal = "Nucl. Instrum. Meth. A",
    volume = "478",
    pages = "357--361",
    year = "2002"
}

@article{bib:recoil,
    author = "S. E. Vahsen, C. A. J. O'Hare, W. A. Lynch, N. J. C. Spooner, E. Baracchini",
    editor = "",
    title = "{CYGNUS: Feasibility of a nuclear recoil observatory with directional sensitivity to dark matter and neutrinos}",
    journal = "arXiv:2008.12587",
}



@article{bib:ccd2,
    author = "Mavrokoridis, K. and Ball, F. and Carroll, J. and Lazos, M. and McCormick, K. J. and Smith, N. A. and Touramanis, C. and Walker, J.",
    title = "{Optical Readout of a Two Phase Liquid Argon TPC using CCD Camera and THGEMs}",
    eprint = "1401.0525",
    archivePrefix = "arXiv",
    primaryClass = "physics.ins-det",
    doi = "10.1088/1748-0221/9/02/P02006",
    journal = "JINST",
    volume = "9",
    pages = "P02006",
    year = "2014"
}

@article{bib:garfield1,
    author = "Veenhof, R.",
    journal = "Conf.\ Proc.\ C",
    pages = "66--71",
    title = "{Garfield, a drift chamber simulation program}",
    volume = "9306149",
    year = "1993"
}

@article{bib:garfield2,
    author = "Veenhof, R.",
    doi = "10.1016/S0168-9002(98)00851-1",
    journal = "Nucl.\ Instrum.\ Meth.\ A",
    pages = "726--730",
    title = "{GARFIELD, recent developments}",
    volume = "419",
    year = "1998"
}

@INPROCEEDINGS{bib:ieee17, 
author={G. {Mazzitelli} and V. C. {Antochi} and E. {Baracchini} and G. {Cavoto} and A. {De Stena} and E. {Di Marco} and M. {Marafini} and D. {Pinci} and F. {Renga} and S. {Tomassini} and C. {Voena}}, 
booktitle={2017 IEEE Nuclear Science Symposium and Medical Imaging Conference (NSS/MIC)}, 
title={A high resolution TPC based on GEM optical readout}, 
year={2017}, 
volume={}, 
number={}, 
pages={1-4}, 
doi={10.1109/NSSMIC.2017.8532631}, 
ISSN={2577-0829}, 
month={Oct},}

@INPROCEEDINGS{bib:ieee18, 
author={G. {Mazzitelli} and V. C. {Antochi} and E. {Baracchini} and G. {Cavoto} and A. {De Stena} and E. {Di Marco} and M. {Marafini} and D. {Pinci} and F. {Renga} and S. {Tomassini} and C. {Voena}}, 
booktitle={2018 IEEE Nuclear Science Symposium and Medical Imaging Conference (NSS/MIC)}, 
title={A high resolution TPC based on GEM optical readout}, 
year={2018}, 
volume={Under publication in IEEE Nuclear Science Symposium Medical Imaging Conference, 2018},
number={}, 
}



@article{bib:elba,
title = "High resolution TPC based on optically readout GEM",
journal = "Nuclear Instruments and Methods in Physics Research Section A: Accelerators, Spectrometers, Detectors and Associated Equipment",
year = "2018",
issn = "0168-9002",
doi = "https://doi.org/10.1016/j.nima.2018.11.085",
url = "http://www.sciencedirect.com/science/article/pii/S016890021831711X",
author = "D. Pinci and E. Baracchini and G. Cavoto and E. Di Marco and M. Marafini and G. Mazzitelli and F. Renga and S. Tomassini and C. Voena",
keywords = "Tracking detectors, GEM, Micro-pattern Gas Detectors",
}

@book{bib:rolandiblum,
      author         = "Blum, Walter and Rolandi, Luigi and Riegler, Werner",
      title          = "{Particle detection with drift chambers}",
      url            = "http://www.springer.com/physics/elementary/book/978-3-540-76683-4",
      journal        = "Berlin, Germany: Springer (2008) 448 p",
      series         = "Particle Acceleration and Detection, ISBN           = 9783540766834",
      doi            = "10.1007/978-3-540-76684-1",
      year           = "2008",
      ISBN           = "9783540766834, 9783540766841",
      SLACcitation   = "%%CITATION = INSPIRE-807304;%%"
}

@article{bib:fe55,
	title = {Performance of optically readout {GEM}-based {TPC} with a 55Fe source},
	author = {I. Abritta Costa and E. Baracchini and F. Bellini and L. Benussi and S. Bianco and M.A. Caponero and G. Cavoto and G. D'Imperio and E. Di Marco and G. Maccarrone and M. Marafini and G. Mazzitelli and A. Messina and F. Petrucci and D. Piccolo and D. Pinci and F. Renga and F. Rosatelli and G. Saviano and S. Tomassini},
	journal = {Journal of Instrumentation},
	volume = {14},
	number = {07},
	pages = {P07011--P07011},
	year = 2019,
	month = {jul},
	doi = {10.1088/1748-0221/14/07/p07011},
	publisher = {{IOP} Publishing}
}

@book{tukey1977exploratory,
  title={Exploratory data analysis},
  author={Tukey, John W},
  volume={2},
  year={1977},
  publisher={Reading, Mass.}
}

@book{porter2013statistical,
  title={Statistical Analysis Techniques in Particle Physics: Fits, Density Estimation and Supervised Learning},
  author={Porter, Frank C and Narsky, Ilya},
  year={2013},
  publisher={Wiley-VCH}
}

@article{Baracchini:2020iwg,
    author = "Baracchini, E. and others",
    title = "{A density-based clustering algorithm for the CYGNO data analysis}",
    eprint = "2007.01763",
    archivePrefix = "arXiv",
    primaryClass = "physics.ins-det",
    doi = "10.1088/1748-0221/15/12/T12003",
    journal = "JINST",
    volume = "15",
    number = "12",
    pages = "T12003",
    year = "2020"
}

@article{Colaleo:2015vsq,
    author = "Akl, M. A. and others",
    editor = "Colaleo, A. and Safonov, A. and Sharma, A. and Tytgat, M.",
    title = "{CMS Technical Design Report for the Muon Endcap GEM Upgrade}",
    reportNumber = "CERN-LHCC-2015-012, CMS-TDR-013",
    month = "6",
    year = "2015"
}
@article{Antonello:2018baa,
    author = "Antonello, M. and others",
    collaboration = "SABRE",
    title = "{Monte Carlo simulation of the SABRE PoP background}",
    eprint = "1806.09344",
    archivePrefix = "arXiv",
    primaryClass = "physics.ins-det",
    doi = "10.1016/j.astropartphys.2018.10.005",
    journal = "Astropart. Phys.",
    volume = "106",
    pages = "1--9",
    year = "2019"
}

@article{Riffard:2016mgw,
    author = "Riffard, Q. and others",
    title = "{MIMAC low energy electron-recoil discrimination measured with fast neutrons}",
    eprint = "1602.01738",
    archivePrefix = "arXiv",
    primaryClass = "astro-ph.IM",
    doi = "10.1088/1748-0221/11/08/P08011",
    journal = "JINST",
    volume = "11",
    number = "08",
    pages = "P08011",
    year = "2016"
}

@article{Phan:2015pda,
    author = "Phan, N. S. and Lauer, R. J. and Lee, E. R. and Loomba, D. and Matthews, J. A. J. and Miller, E. H.",
    title = "{GEM-based TPC with CCD Imaging for Directional Dark Matter Detection}",
    eprint = "1510.02170",
    archivePrefix = "arXiv",
    primaryClass = "physics.ins-det",
    doi = "10.1016/j.astropartphys.2016.08.006",
    journal = "Astropart. Phys.",
    volume = "84",
    pages = "82--96",
    year = "2016"
}

@article{Vahsen:2020pzb,
    author = "Vahsen, S. E. and others",
    title = "{CYGNUS: Feasibility of a nuclear recoil observatory with directional sensitivity to dark matter and neutrinos}",
    eprint = "2008.12587",
    archivePrefix = "arXiv",
    primaryClass = "physics.ins-det",
    month = "8",
    year = "2020"
}
@article{Seguinot:1992zu,
    author = "Seguinot, J. and Ypsilantis, T. and Zichichi, A.",
    title = "{A High rate solar neutrino detector with energy determination}",
    reportNumber = "LPC-92-31",
    journal = "Conf. Proc. C",
    volume = "920310",
    pages = "289--313",
    year = "1992"
}

@article{Arpesella:1996uc,
    author = "Arpesella, C. and Broggini, C. and Cattadori, C.",
    title = "{A possible gas for solar neutrino spectroscopy}",
    doi = "10.1016/0927-6505(95)00051-8",
    journal = "Astropart. Phys.",
    volume = "4",
    pages = "333--341",
    year = "1996"
}

@article{Baracchini:2020dib,
    author = "Baracchini, E. and others",
    title = "{First evidence of luminescence in a He/CF$_4$ gas mixture induced by non-ionizing electrons}",
    eprint = "2004.10493",
    archivePrefix = "arXiv",
    primaryClass = "physics.ins-det",
    doi = "10.1088/1748-0221/15/08/P08018",
    journal = "JINST",
    volume = "15",
    number = "08",
    pages = "P08018",
    year = "2020"
}

@article{Billard:2013qya,
    author = "Billard, J. and Strigari, L. and Figueroa-Feliciano, E.",
    title = "{Implication of neutrino backgrounds on the reach of next generation dark matter direct detection experiments}",
    eprint = "1307.5458",
    archivePrefix = "arXiv",
    primaryClass = "hep-ph",
    doi = "10.1103/PhysRevD.89.023524",
    journal = "Phys. Rev. D",
    volume = "89",
    number = "2",
    pages = "023524",
    year = "2014"
}

@article{Boehm:2018sux,
    author = "B\oe{}hm, C. and Cerde\~no, D. G. and Machado, P. A. N. and Olivares-Del Campo, A. and Perdomo, E. and Reid, E.",
    title = "{How high is the neutrino floor?}",
    eprint = "1809.06385",
    archivePrefix = "arXiv",
    primaryClass = "hep-ph",
    reportNumber = "IPPP/18/72, FERMILAB-PUB-18-486-T, IPPP/18/72; FERMILAB-PUB-18-486-T",
    doi = "10.1088/1475-7516/2019/01/043",
    journal = "JCAP",
    volume = "01",
    pages = "043",
    year = "2019"
}
@article{Agostini:2018uly,
    author = "Agostini, M. and others",
    collaboration = "BOREXINO",
    title = "{Comprehensive measurement of $pp$-chain solar neutrinos}",
    reportNumber = "FERMILAB-PUB-18-592-ND",
    doi = "10.1038/s41586-018-0624-y",
    journal = "Nature",
    volume = "562",
    number = "7728",
    pages = "505--510",
    year = "2018"
}

@article{DeRocco:2019jti,
    author = "DeRocco, William and Graham, Peter W. and Kasen, Daniel and Marques-Tavares, Gustavo and Rajendran, Surjeet",
    title = "{Supernova signals of light dark matter}",
    eprint = "1905.09284",
    archivePrefix = "arXiv",
    primaryClass = "hep-ph",
    doi = "10.1103/PhysRevD.100.075018",
    journal = "Phys. Rev. D",
    volume = "100",
    number = "7",
    pages = "075018",
    year = "2019"
}

@article{Soffitta:2012hx,
    author = "Soffitta, Paolo and Muleri, Fabio and Fabiani, Sergio and Costa, Enrico and Bellazzini, Ronaldo and Brez, Alessandro and Minuti, Massimo and Pinchera, Michele and Spandre, Gloria",
    title = "{Measurement of the position resolution of the Gas Pixel Detector}",
    eprint = "1208.6330",
    archivePrefix = "arXiv",
    primaryClass = "astro-ph.IM",
    doi = "10.1016/j.nima.2012.09.055",
    journal = "Nucl. Instrum. Meth. A",
    volume = "700",
    pages = "99--105",
    year = "2013"
}

@article{Baracchini:2020owr,
    author = "Baracchini, Elisabetta and Derocco, William and Dho, Giorgio",
    title = "{Discovering supernova-produced dark matter with directional detectors}",
    eprint = "2009.08836",
    archivePrefix = "arXiv",
    primaryClass = "hep-ph",
    doi = "10.1103/PhysRevD.102.075036",
    journal = "Phys. Rev. D",
    volume = "102",
    number = "7",
    pages = "075036",
    year = "2020"
}

@article{Nakamura:2012zza,
    author = "Nakamura, K. and others",
    title = "{Low pressure gas study for a direction-sensitive dark matter search experiment with MPGD}",
    doi = "10.1088/1748-0221/7/02/C02023",
    journal = "JINST",
    volume = "7",
    pages = "C02023",
    year = "2012"
}

@inproceedings{Benussi:2015omy,
    author = "Benussi, L. and Bianco, S. and Caponero, M. and Muhammad, S. and Passamonti, L. and Piccolo, D. and Pierluigi, D. and Raffone, G. and Russo, A. and Saviano, G.",
    title = "{Fiber Bragg Grating sensors for deformation monitoring of GEM foils in HEP detectors}",
    booktitle = "{6th IEEE International Workshop on Advances in Sensors and Interfaces}",
    eprint = "1512.08629",
    archivePrefix = "arXiv",
    primaryClass = "physics.ins-det",
    reportNumber = "FRASCATI-PREPRINT-INFN-15-13-LNF",
    doi = "10.1109/IWASI.2015.7184954",
    month = "12",
    year = "2015"
}

@article{Battat:2015rna,
    author = "Battat, J. B. R. and others",
    title = "{Reducing DRIFT Backgrounds with a Submicron Aluminized-Mylar Cathode}",
    eprint = "1502.03535",
    archivePrefix = "arXiv",
    primaryClass = "physics.ins-det",
    doi = "10.1016/j.nima.2015.04.070",
    journal = "Nucl. Instrum. Meth. A",
    volume = "794",
    pages = "33--46",
    year = "2015"
}

@article{Martoff:2000wi,
    author = "Martoff, C. J. and Snowden-Ifft, D. P. and Ohnuki, T. and Spooner, N. and Lehner, M.",
    title = "{Suppressing drift chamber diffusion without magnetic field}",
    doi = "10.1016/S0168-9002(99)00955-9",
    journal = "Nucl. Instrum. Meth. A",
    volume = "440",
    pages = "355--359",
    year = "2000"
}

@article{Ohnuki:2000ex,
    author = "Ohnuki, Tohru and Snowden-Ifft, Daniel P. and Martoff, C. J.",
    title = "{Measurement of carbon disulfide anion diffusion in a TPC}",
    eprint = "physics/0004006",
    archivePrefix = "arXiv",
    doi = "10.1016/S0168-9002(01)00222-4",
    journal = "Nucl. Instrum. Meth. A",
    volume = "463",
    pages = "142--148",
    year = "2001"
}

@article{Snowden-Ifft:2014taa,
    author = "Snowden-Ifft, Daniel P.",
    title = "{Discovery of multiple, ionization-created CS2 anions and a new mode of operation for drift chambers}",
    doi = "10.1063/1.4861908",
    journal = "Rev. Sci. Instrum.",
    volume = "85",
    pages = "013303",
    year = "2014"
}

@article{Battat:2016xxe,
    author = "Battat, J. B. R. and others",
    collaboration = "DRIFT",
    title = "{Low Threshold Results and Limits from the DRIFT Directional Dark Matter Detector}",
    eprint = "1701.00171",
    archivePrefix = "arXiv",
    primaryClass = "astro-ph.IM",
    doi = "10.1016/j.astropartphys.2017.03.007",
    journal = "Astropart. Phys.",
    volume = "91",
    pages = "65--74",
    year = "2017"
}

@article{Phan:2016veo,
    author = "Phan, N. S. and Lafler, R. and Lauer, R. J. and Lee, E. R. and Loomba, D. and Matthews, J. A. J. and Miller, E. H.",
    title = "{The novel properties of SF$_6$ for directional dark matter experiments}",
    eprint = "1609.05249",
    archivePrefix = "arXiv",
    primaryClass = "physics.ins-det",
    doi = "10.1088/1748-0221/12/02/P02012",
    journal = "JINST",
    volume = "12",
    number = "02",
    pages = "P02012",
    year = "2017"
}

@article{Baracchini:2017ysg,
    author = "Baracchini, E. and Cavoto, G. and Mazzitelli, G. and Murtas, F. and Renga, F. and Tomassini, S.",
    title = "{Negative Ion Time Projection Chamber operation with SF$_6$ at nearly atmospheric pressure}",
    eprint = "1710.01994",
    archivePrefix = "arXiv",
    primaryClass = "physics.ins-det",
    doi = "10.1088/1748-0221/13/04/P04022",
    journal = "JINST",
    volume = "13",
    number = "04",
    pages = "P04022",
    year = "2018"
}

@article{Ikeda:2020pex,
    author = "Ikeda, T. and Shimada, T. and Ishiura, H. and Nakamura, K. D. and Nakamura, T. and Miuchi, K.",
    title = "{Development of a negative ion micro TPC detector with SF$_6$ gas for the directional dark matter search}",
    eprint = "2004.09706",
    archivePrefix = "arXiv",
    primaryClass = "physics.ins-det",
    doi = "10.1088/1748-0221/15/07/P07015",
    journal = "JINST",
    volume = "15",
    number = "07",
    pages = "P07015",
    year = "2020"
}

@article{Lightfoot:2007zz,
    author = "Lightfoot, P. K. and Spooner, N. J. C. and Lawson, T. B. and Aune, S. and Giomataris, I.",
    title = "{First operation of bulk micromegas in low pressure negative ion drift gas mixtures for dark matter searches}",
    doi = "10.1016/j.astropartphys.2007.02.003",
    journal = "Astropart. Phys.",
    volume = "27",
    pages = "490--499",
    year = "2007"
}

@article{Baracchini:2020owr,
    author = "Baracchini, Elisabetta and Derocco, William and Dho, Giorgio",
    title = "{Discovering supernova-produced dark matter with directional detectors}",
    eprint = "2009.08836",
    archivePrefix = "arXiv",
    primaryClass = "hep-ph",
    doi = "10.1103/PhysRevD.102.075036",
    journal = "Phys. Rev. D",
    volume = "102",
    number = "7",
    pages = "075036",
    year = "2020"
}

@article{bib:zurek,
    author = "Zurek, Kathryn M.",
    title = "{Asymmetric Dark Matter: Theories, Signatures, and Constraints}",
    eprint = "1308.0338",
    archivePrefix = "arXiv",
    primaryClass = "hep-ph",
    doi = "10.1016/j.physrep.2013.12.001",
    journal = "Phys. Rept.",
    volume = "537",
    pages = "91--121",
    year = "2014"
}

@inproceedings{dbscan1996,
 author = {Ester, Martin and Kriegel, Hans-Peter and Sander, J\"{o}rg and Xu, Xiaowei},
 title = {A Density-based Algorithm for Discovering Clusters a Density-based Algorithm for Discovering Clusters in Large Spatial Databases with Noise},
 booktitle = {Proceedings of the Second International Conference on Knowledge Discovery and Data Mining},
 series = {KDD'96},
 year = {1996},
 location = {Portland, Oregon},
 pages = {226--231},
 numpages = {6},
 url = {http://dl.acm.org/citation.cfm?id=3001460.3001507},
 acmid = {3001507},
 publisher = {AAAI Press},
 keywords = {arbitrary shape of clusters, clustering algorithms, efficiency on large spatial databases, handling nlj4-275oise},
} 

@article{wagstaff2000clustering,
  title={Clustering with instance-level constraints},
  author={Wagstaff, Kiri and Cardie, Claire},
  journal={AAAI/IAAI},
  volume={1097},
  pages={577--584},
  year={2000}
}

@article{scikit-learn,
 title={Scikit-learn: Machine Learning in {P}ython},
 author={Pedregosa, F. and Varoquaux, G. and Gramfort, A. and Michel, V.
         and Thirion, B. and Grisel, O. and Blondel, M. and Prettenhofer, P.
         and Weiss, R. and Dubourg, V. and Vanderplas, J. and Passos, A. and
         Cournapeau, D. and Brucher, M. and Perrot, M. and Duchesnay, E.},
 journal={Journal of Machine Learning Research},
 volume={12},
 pages={2825--2830},
 year={2011}
}
@ARTICLE{bib:ieee_benci,
   author = {{Bencivenni}, G. and {Bonivento}, W and {Cardini}, A and {Deplano}, C and  {De Simone}, P and {Murtas}, F and {Pinci}, D and {Poli-Lener}, M and
{Raspino}, D},
    title = "{Measurement of GEM Parameters With X-Rays}",
  journal = {IEEE Transactions on Nuclear Science},
     year = 2003,
    month = oct,
   volume = 50,
    pages = {1297-1302},
      doi = {10.1109/TNS.2003.818234},
   adsurl = {},
  adsnote = {}
}

@article{bib:Bonivento,
      author         = "Bonivento, W. and Cardini, A. and Pinci, D. and
                        Bencivenni, G. and Murtas, F.",
      title          = "{A complete simulation of a triple-GEM detector}",
      booktitle      = "{Nuclear science. Proceedings, Symposium, NSS 2001, San
                        Diego, USA, November 4-10, 2001}",
      journal        = "IEEE Trans. Nucl. Sci.",
      volume         = "49",
      year           = "2002",
      pages          = "1638-1643",
      doi            = "10.1109/TNS.2002.805170",
      SLACcitation   = "%%CITATION = IETNA,49,1638;%%"
}

@article{bib:loomba,
      author         = "Phan, N. S. and Lee, E. R. and Loomba, D.",
      title          = "{Imaging $^{55}$Fe Electron Tracks in a GEM-based TPC
                        Using a CCD Readout}",
      year           = "2017",
      eprint         = "1703.09883",
      archivePrefix  = "arXiv",
      journal        = "arXiv 1703.09883",
      primaryClass   = "physics.ins-det",
      SLACcitation   = "%%CITATION = ARXIV:1703.09883;%%"
}

@article{bib:Fraga,
      author         = "Fraga, M. M. F. R. and Fraga, F. A. F. and Fetal, S. T.
                        G. and Margato, L. M. S. and Ferreira-Marques, R. and
                        Policarpo, A. J. P. L.",
      title          = "{The GEM scintillation in He CF$_4$, Ar CF$_4$, Ar TEA and Xe
                        TEA mixtures}",
      booktitle      = "{New developments in photodetection. Proceedings, 3rd
                        International Conference, Beaune, France, June 17-21,
                        2002}",
      journal        = "Nucl. Instrum. Meth.",
      volume         = "A504",
      year           = "2003",
      pages          = "88-92",
      doi            = "10.1016/S0168-9002(03)00758-7",
      SLACcitation   = "%%CITATION = NUIMA,A504,88;%%"
}
@article{bib:Margato1,
      author         = "Morozov, A. and Margato, L. M. S. and Fraga, M. M. F. R.
                        and Pereira, L. and Fraga, F. A. F.",
      title          = "{Secondary scintillation in CF$_4$: emission spectra and
photon yields for MSGC and GEM}",
      journal        = "JINST",
      volume         = "7",
      year           = "2012",
      pages          = "P02008",
      doi            = "10.1088/1748-0221/7/02/P02008",
      SLACcitation   = "%%CITATION = JINST,8,P07008;%%"
}

@article{bib:Margato2,
      author         = "Margato, L. M. S. and Morozov, A. and Fraga, M. M. F. R.
                        and Pereira, L. and Fraga, F. A. F.",
      title          = "{Effective decay time of CF$_4$ secondary scintillation}",
      journal        = "JINST",
      volume         = "8",
      year           = "2013",
      pages          = "P07008",
      doi            = "10.1088/1748-0221/8/07/P07008",
      SLACcitation   = "%%CITATION = JINST,8,P07008;%%"
}

@article{bib:geant,
    author = "Agostinelli, S. and others",
    collaboration = "GEANT4",
    title = "{GEANT4: A Simulation toolkit}",
    reportNumber = "SLAC-PUB-9350, FERMILAB-PUB-03-339",
    doi = "10.1016/S0168-9002(03)01368-8",
    journal = "Nucl. Instrum. Meth. A",
    volume = "506",
    pages = "250--303",
    year = "2003"
}

@article{bib:charpak,
    author = "Dominik, W. and Zaganidis, N. and Astier, P. and Charpak, Georges and Santiard, J. C. and Sauli, F. and Tribollet, E. and Geissbuhler, A. and Townsend, D.",
    title = "{A GASEOUS DETECTOR FOR HIGH ACCURACY AUTORADIOGRAPHY OF RADIOACTIVE COMPOUNDS WITH OPTICAL READOUT OF AVALANCHE POSITIONS}",
    reportNumber = "CERN-EP/89-20",
    doi = "10.1016/0168-9002(89)91203-5",
    journal = "Nucl. Instrum. Meth. A",
    volume = "278",
    pages = "779",
    year = "1989"
}

@misc{bib:lumi,
    title={First evidence of luminescence in a He/CF$_4$ gas mixture induced by non-ionizing electrons},
    author={E. Baracchini and L. Benussi and S. Bianco and C. Capoccia and M. Caponero and G. Cavoto and A. Cortez and I. A. Costa and E. Di Marco and G. D'Imperio and G. Dho and F. Iacoangeli and G. Maccarrone and M. Marafini and G. Mazzitelli and A. Messina and A. Orlandi and E. Paoletti and L. Passamonti and F. Petrucci and D. Piccolo and D. Pierluigi and D. Pinci and F. Renga and F. Rosatelli and A. Russo and G. Saviano and S. Tomassini},
    year={2020},
    eprint={2004.10493},
    archivePrefix={arXiv},
    primaryClass={physics.ins-det}
}

@INPROCEEDINGS{bib:btf1, 
author={B.{Buonomo} and C.{Di Giulio} and L.G.{Foggetta}  and P.{Valente}}, title={A Hardware and Software Overview on the New BTF  Transverse Profile Monitor}, 
year={2016}, 
booktitle={Proc. 5th Int. Beam Instrumentation Conf. (IBIC'16), Barcelona, Spain}, 
number={}, 
pages={818-821}, 
doi={10.18429/JACoW-IBIC2016-WEPG73},  month={Sep},}


@INPROCEEDINGS{bib:btf2, 
author={P.{Valente} and B.{Buonomo} and  C. {Di Giulio} and  L.G.{Foggetta}}, 
title={Frascati Beam-Test Facility (BTF) High Resolution Beam Spot Diagnostics}, 
year={2016}, 
booktitle={Proc. 5th Int. Beam Instrumentation Conf. (IBIC'16), Barcelona, Spain}, 
number={}, 
pages={222-225}, 
doi={10.18429/JACoW-IBIC2016-MOPG65},  
month={Sep},}

@article{bib:fe55New,
	title = {Stability and detection performance of a GEM-based Optical Readout TPC with He/CF$_4$ gas mixtures},
	author = {I. Abritta Costa and E. Baracchini and F. Bellini and L. Benussi and S. Bianco and M.A. Caponero and G. Cavoto and G. D'Imperio and E. Di Marco and G. Maccarrone and M. Marafini and G. Mazzitelli and A. Messina and F. Petrucci and D. Piccolo and D. Pinci and F. Renga and F. Rosatelli and G. Saviano and S. Tomassini},
	journal = {Journal of Instrumentation},
	volume = {xx},
	number = {xx},
	pages = {xxx},
	year = 2020,
	month = {jul},
	doi = {yyy},
	publisher = {{IOP} Publishing}
}

@article{bib:coronello,
    author = "Baracchini, E and others",
    title = "{Identification of low energy nuclear recoils in a gas TPC with optical readout}",
    eprint = "2007.12508",
    archivePrefix = "arXiv",
    primaryClass = "physics.ins-det",
    reportNumber = "LEMON-20-001",
    doi = "10.1088/1361-6501/abbd12",
    month = "7",
    year = "2020"
}

@misc{bib:lemon_btf,
    title={A GEM-based Optically Readout Time Projection Chamber for charged particle tracking},
    author={V. C. Antochi and G. Cavoto and I. A. Costa and E. Di Marco and G. D'Imperio and F. Iacoangeli and M. Marafini and A. Messina and D. Pinci and F. Renga and C. Voena and E. Baracchini and A. Cortez and G. Dho and L. Benussi and S. Bianco and C. Capoccia and M. Caponero and G. Maccarrone and G. Mazzitelli and A. Orlandi and E. Paoletti and L. Passamonti and D. Piccolo and D. Pierluigi and F. Rosatelli and A. Russo and G. Saviano and S. Tomassini and R. A. Nobrega and F. Petrucci},
    year={2020},
    eprint={2005.12272},
    archivePrefix={arXiv},
    primaryClass={physics.ins-det}
}

@article{bib:ROSZKOWSKI200910,
title = {On prospects for dark matter indirect detection in the Constrained MSSM},
journal = {Physics Letters B},
volume = {671},
number = {1},
pages = {10-14},
year = {2009},
issn = {0370-2693},
doi = {https://doi.org/10.1016/j.physletb.2008.11.061},
url = {https://www.sciencedirect.com/science/article/pii/S0370269308014202},
author = {Leszek Roszkowski and Roberto {Ruiz de Austri} and Joe Silk and Roberto Trotta},
abstract = {We apply a rigorous statistical analysis to the Constrained MSSM to derive the most probable ranges of the diffuse gamma radiation flux from the direction of the Galactic center and of the positron flux from the Galactic halo due to neutralino dark matter annihilation, for several different choices of the halo model and propagation model parameters. We find that, for a specified halo profile, and assuming flat priors, the 68\% probability range of the integrated γ-ray flux spans about one order of magnitude, while the 95\% probability range can be much larger and extend over four orders of magnitude (even exceeding five for a tiny region at small neutralino mass). The detectability of the signal by GLAST depending primarily on the cuspiness of the halo profile. The positron flux, on the other hand, appears to be too small to be detectable by PAMELA, unless the boost factor is at least of order ten and/or the halo profile is extremely cuspy. We also briefly discuss the sensitivity of our results to the choice of priors.},
eprint = "0707.0622v2",
archivePrefix = "arXiv"
}

@article{bib:TROTTA2007316,
title = {Prospects for direct dark matter detection in the constrained MSSM},
journal = {New Astronomy Reviews},
volume = {51},
number = {3},
pages = {316-320},
year = {2007},
note = {Francesco Melchiorri: Scientist, Pioneer, Mentor},
issn = {1387-6473},
doi = {https://doi.org/10.1016/j.newar.2006.11.059},
url = {https://www.sciencedirect.com/science/article/pii/S1387647306003137},
author = {Roberto Trotta and Roberto Ruiz {de Austri} and Leszek Roszkowski},
abstract = {We outline the WIMP dark matter parameter space in the constrained MSSM by performing a comprehensive statistical analysis that compares with experimental data predicted superpartner masses and other collider observables as well as a cold dark matter abundance. We include uncertainties arising from theoretical approximations as well as from residual experimental errors on relevant Standard Model parameters. We present high-probability regions for neutralino dark matter direct detection cross section, and we find that 10−10pb≲σpSI≲ 10−8pb for direct WIMP detection (with details slightly dependent on the assumptions made). We highlight a complementarity between LHC and WIMP dark matter searches in exploring the CMSSM parameter space. We conclude that most of the 95\% probability region for the cross section will be explored by future one-tonne detectors, that will therefore cover most of the currently favoured region of parameter space.},
eprint = {0609126v1},
archivePrefix = {arXiv},
primaryClass = {astro-ph}
}

@article{bib:Strege_2012,
   title={Fundamental statistical limitations of future dark matter direct detection experiments},
   volume={86},
   ISSN={1550-2368},
   url={http://dx.doi.org/10.1103/PhysRevD.86.023507},
   DOI={10.1103/physrevd.86.023507},
   number={2},
   journal={Physical Review D},
   publisher={American Physical Society (APS)},
   author={Strege, Charlotte and Trotta, Roberto and Bertone, Gianfranco and Peter, Annika H. G. and Scott, Pat},
   year={2012},
   month={Jul},
   eprint = {1201.3631v2},
   archivePrefix = {arXiv},
   primaryClass = {hep-ph}
}

@misc{bib:arina2014bayesian,
      title={Bayesian analysis of multiple direct detection experiments}, 
      author={Chiara Arina},
      year={2014},
      eprint={1310.5718},
      archivePr efix={arXiv},
      primaryClass={hep-ph}
}

@article{bib:Bringmann_2017,
   title={DarkBit: a GAMBIT module for computing dark matter observables and likelihoods},
   volume={77},
   ISSN={1434-6052},
   url={http://dx.doi.org/10.1140/epjc/s10052-017-5155-4},
   DOI={10.1140/epjc/s10052-017-5155-4},
   number={12},
   journal={The European Physical Journal C},
   publisher={Springer Science and Business Media LLC},
   author={Bringmann, Torsten and Conrad, Jan and Cornell, Jonathan M. and Dal, Lars A. and Edsjö, Joakim and Farmer, Ben and Kahlhoefer, Felix and Kvellestad, Anders and Putze, Antje and et al.},
   year={2017},
   month={Dec},
   eprint={1705.07920v2},
   archivePrefix={arXiv},
   primaryClass={hep-ph}
}

@article{bib:Liem_2016,
   title={Effective field theory of dark matter: a global analysis},
   volume={2016},
   ISSN={1029-8479},
   url={http://dx.doi.org/10.1007/JHEP09(2016)077},
   DOI={10.1007/jhep09(2016)077},
   number={9},
   journal={Journal of High Energy Physics},
   publisher={Springer Science and Business Media LLC},
   author={Liem, Sebastian and Bertone, Gianfranco and Calore, Francesca and de Austri, Roberto Ruiz and Tait, Tim M. P. and Trotta, Roberto and Weniger, Christoph},
   year={2016},
   month={Sep},
   eprint={1603.05994v1},
   archivePrefix={arXiv},
   primaryClass={hep-ph}
}

@article{bib:Messina_2020,
   title={Annual modulations from secular variations: not relaxing DAMA?},
   volume={2020},
   ISSN={1475-7516},
   url={http://dx.doi.org/10.1088/1475-7516/2020/04/037},
   DOI={10.1088/1475-7516/2020/04/037},
   number={04},
   journal={Journal of Cosmology and Astroparticle Physics},
   publisher={IOP Publishing},
   author={Messina, Andrea and Nardecchia, Marco and Piacentini, Stefano},
   year={2020},
   month={Apr},
   pages={037–037},
   eprint={2003.03340v2},
   archivePrefix={arXiv},
   primaryClass={hep-ph}
}

@article{bib:di_Cortona_2020,
   title={Migdal effect and photon Bremsstrahlung: improving the sensitivity to light dark matter of liquid argon experiments},
   volume={2020},
   ISSN={1029-8479},
   url={http://dx.doi.org/10.1007/JHEP11(2020)034},
   DOI={10.1007/jhep11(2020)034},
   number={11},
   journal={Journal of High Energy Physics},
   publisher={Springer Science and Business Media LLC},
   author={di Cortona, G. Grilli and Messina, A. and Piacentini, S.},
   year={2020},
   month={Nov},
   eprint={2006.02453v2},
   archivePrefix={arXiv},
   primaryClass={hep-ph}
}

@article{bib:Baracchini_2020,
   title={Discovering supernova-produced dark matter with directional detectors},
   volume={102},
   ISSN={2470-0029},
   url={http://dx.doi.org/10.1103/PhysRevD.102.075036},
   DOI={10.1103/physrevd.102.075036},
   number={7},
   journal={Physical Review D},
   publisher={American Physical Society (APS)},
   author={Baracchini, Elisabetta and DeRocco, William and Dho, Giorgio},
   year={2020},
   month={Oct},
   eprint={2009.08836v1},
   archivePrefix={arXiv},
   primaryClass={hep-ph}
}

@misc{bib:baxter2021recommended,
      title={Recommended conventions for reporting results from direct dark matter searches}, 
      author={D. Baxter and I. M. Bloch and E. Bodnia and X. Chen and J. Conrad and P. Di Gangi and J. E. Y. Dobson and D. Durnford and S. J. Haselschwardt and A. Kaboth and R. F. Lang and Q. Lin and W. H. Lippincott and J. Liu and A. Manalaysay and C. McCabe and K. D. Mora and D. Naim and R. Neilson and I. Olcina and M. -C. Piro and M. Selvi and B. von Krosigk and S. Westerdale and Y. Yang and N. Zhou},
      year={2021},
      eprint={2105.00599v1},
      archivePrefix={arXiv},
      primaryClass={hep-ex}
}

@article{bib:Gondolo_2002,
   title={Recoil momentum spectrum in directional dark matter detectors},
   volume={66},
   ISSN={1089-4918},
   url={http://dx.doi.org/10.1103/PhysRevD.66.103513},
   DOI={10.1103/physrevd.66.103513},
   number={10},
   journal={Physical Review D},
   publisher={American Physical Society (APS)},
   author={Gondolo, Paolo},
   year={2002},
   month={Nov},
   eprint={0209110v2},
   archivePrefix={arXiv},
   primaryClass={hep-ph}
}

@article{bib:LEWIN199687,
title = {Review of mathematics, numerical factors, and corrections for dark matter experiments based on elastic nuclear recoil},
journal = {Astroparticle Physics},
volume = {6},
number = {1},
pages = {87-112},
year = {1996},
issn = {0927-6505},
doi = {https://doi.org/10.1016/S0927-6505(96)00047-3},
url = {https://www.sciencedirect.com/science/article/pii/S0927650596000473},
author = {J.D. Lewin and P.F. Smith},
abstract = {We present a systematic derivation and discussion of the practical formulae needed to design and interpret direct searches for nuclear recoil events caused by hypothetical weakly interacting dark matter particles. Modifications to the differential energy spectrum arise from the Earth's motion, recoil detection efficiency, instrumental resolution and threshold, multiple target elements, spin-dependent and coherent factors, and nuclear form factor. We discuss the normalization and presentation of results to allow comparison between different target elements and with theoretical predictions. Equations relating to future directional detectors are also included.}
}

@article{bib:Antochi_2021,
   title={Performance of an optically read out time projection chamber with ultra-relativistic electrons},
   volume={999},
   ISSN={0168-9002},
   url={http://dx.doi.org/10.1016/j.nima.2021.165209},
   DOI={10.1016/j.nima.2021.165209},
   journal={Nuclear Instruments and Methods in Physics Research Section A: Accelerators, Spectrometers, Detectors and Associated Equipment},
   publisher={Elsevier BV},
   author={Antochi, V.C. and Baracchini, E. and Benussi, L. and Bianco, S. and Capoccia, C. and Caponero, M. and Cavoto, G. and Cortez, A. and Costa, I.A. and Di Marco, E. and et al.},
   year={2021},
   month={May},
   pages={165209},
   eprint={2005.12272v3},
   archivePrefix={arXiv},
   primaryClass={physics.ins-det}
}

@article{bib:Aprile_2018,
   title={Dark Matter Search Results from a One Ton-Year Exposure of XENON1T},
   volume={121},
   ISSN={1079-7114},
   url={http://dx.doi.org/10.1103/PhysRevLett.121.111302},
   DOI={10.1103/physrevlett.121.111302},
   number={11},
   journal={Physical Review Letters},
   publisher={American Physical Society (APS)},
   author={Aprile, E. and Aalbers, J. and Agostini, F. and Alfonsi, M. and Althueser, L. and Amaro, F. D. and Anthony, M. and Arneodo, F. and Baudis, L. and Bauermeister, B. and et al.},
   year={2018},
   month={Sep},
   eprint={1805.12562v2},
   archivePrefix={arXiv},
   primaryClass={astro-ph.CO}
} 

@article{bib:Aprile_2019,
   title={Light Dark Matter Search with Ionization Signals in XENON1T},
   volume={123},
   ISSN={1079-7114},
   url={http://dx.doi.org/10.1103/PhysRevLett.123.251801},
   DOI={10.1103/physrevlett.123.251801},
   number={25},
   journal={Physical Review Letters},
   publisher={American Physical Society (APS)},
   author={Aprile, E. and Aalbers, J. and Agostini, F. and Alfonsi, M. and Althueser, L. and Amaro, F. D. and Antochi, V. C. and Angelino, E. and Arneodo, F. and Barge, D. and et al.},
   year={2019},
   month={Dec},
   eprint={1907.11485v2},
   archivePrefix={arXiv},
   primaryClass={hep-ex}
}

@article{bib:B_hm_2019,
   title={How high is the neutrino floor?},
   volume={2019},
   ISSN={1475-7516},
   url={http://dx.doi.org/10.1088/1475-7516/2019/01/043},
   DOI={10.1088/1475-7516/2019/01/043},
   number={01},
   journal={Journal of Cosmology and Astroparticle Physics},
   publisher={IOP Publishing},
   author={Bœhm, C. and Cerdeño, D.G. and Machado, P.A.N. and Campo, A. Olivares-Del and Reid, E.},
   year={2019},
   month={Jan},
   pages={043–043},
   eprint={1809.06385v4},
   archivePrefix={arXiv},
   primaryClass={hep-ph}
}

@article{bib:Agnes_2018,
   title={Low-Mass Dark Matter Search with the DarkSide-50 Experiment},
   volume={121},
   ISSN={1079-7114},
   url={http://dx.doi.org/10.1103/PhysRevLett.121.081307},
   DOI={10.1103/physrevlett.121.081307},
   number={8},
   journal={Physical Review Letters},
   publisher={American Physical Society (APS)},
   author={Agnes, P. and Albuquerque, I. F. M. and Alexander, T. and Alton, A. K. and Araujo, G. R. and Asner, D. M. and Ave, M. and Back, H. O. and Baldin, B. and Batignani, G. and et al.},
   year={2018},
   month={Aug},
   eprint={1802.06994v3},
   archivePrefix={arXiv},
   primaryClass={astro-ph.HE}
}

@article{bib:Mancuso:2020gnm,
    author = "Mancuso, M. and others",
    collaboration = "CRESST",
    title = "{Searches for Light Dark Matter with the CRESST-III Experiment}",
    doi = "10.1007/s10909-020-02343-3",
    journal = "J. Low Temp. Phys.",
    volume = "199",
    number = "1-2",
    pages = "547--555",
    year = "2020"
}

@article{bib:Agnese_2018,
   title={Low-mass dark matter search with CDMSlite},
   volume={97},
   ISSN={2470-0029},
   url={http://dx.doi.org/10.1103/PhysRevD.97.022002},
   DOI={10.1103/physrevd.97.022002},
   number={2},
   journal={Physical Review D},
   publisher={American Physical Society (APS)},
   author={Agnese, R. and Anderson, A. J. and Aralis, T. and Aramaki, T. and Arnquist, I. J. and Baker, W. and Balakishiyeva, D. and Barker, D. and Basu Thakur, R. and Bauer, D. A. and et al.},
   year={2018},
   month={Jan},
   eprint={1707.01632v3},
   archivePrefix={arXiv},
   primaryClass={astro-ph.CO}
}

@article{bib:Savage_2004,
   title={Can WIMP spin dependent couplings explain DAMA data, in light of null results from other experiments?},
   volume={70},
   ISSN={1550-2368},
   url={http://dx.doi.org/10.1103/PhysRevD.70.123513},
   DOI={10.1103/physrevd.70.123513},
   number={12},
   journal={Physical Review D},
   publisher={American Physical Society (APS)},
   author={Savage, Chris and Gondolo, Paolo and Freese, Katherine},
   year={2004},
   month={Dec},
   eprint={0408346v3},
   archivePrefix={arXiv},
   primaryClass={astro-ph}
}

@article{bib:Savage_2009,
   title={Compatibility of DAMA/LIBRA dark matter detection with other searches},
   volume={2009},
   ISSN={1475-7516},
   url={http://dx.doi.org/10.1088/1475-7516/2009/04/010},
   DOI={10.1088/1475-7516/2009/04/010},
   number={04},
   journal={Journal of Cosmology and Astroparticle Physics},
   publisher={IOP Publishing},
   author={Savage, C and Gelmini, G and Gondolo, P and Freese, K},
   year={2009},
   month={Apr},
   pages={010–010},
   eprint={0808.3607v3},
   archivePrefix={arXiv},
   primaryClass={astro-ph}
}

@misc{bib:yakabe2020limits,
      title={First limits from a 3d-vector directional dark matter search with the NEWAGE-0.3b' detector}, 
      author={Ryota Yakabe and Kiseki Nakamura and Tomonori Ikeda and Hiroshi Ito and Yushiro Yamaguchi and Ryosuke Taishaku and Miki Nakazawa and Hirohisa Ishiura and Takuma Nakamura and Takuya Shimada and Toru Tanimori and Hidetoshi Kubo and Atsushi Takada and Hiroyuki Sekiya and Atsushi Takeda and Kentaro Miuchi},
      year={2020},
      eprint={2005.05157},
      archivePrefix={arXiv},
      primaryClass={hep-ex}
}

@article{bib:Battat_2017,
   title={Low threshold results and limits from the DRIFT directional dark matter detector},
   volume={91},
   ISSN={0927-6505},
   url={http://dx.doi.org/10.1016/j.astropartphys.2017.03.007},
   DOI={10.1016/j.astropartphys.2017.03.007},
   journal={Astroparticle Physics},
   publisher={Elsevier BV},
   author={Battat, J.B.R. and Ezeribe, A.C. and Gauvreau, J.-L. and Harton, J.L. and Lafler, R. and Law, E. and Lee, E.R. and Loomba, D. and Lumnah, A. and Miller, E.H. and et al.},
   year={2017},
   month={May},
   pages={65–74},
   eprint={1701.00171v3},
   archivePrefix={arXiv},
   primaryClass={astro-ph.IM}
}

@article{bib:Amole_2019,
   title={Dark matter search results from the complete exposure of the PICO-60 
C3F8
 bubble chamber},
   volume={100},
   ISSN={2470-0029},
   url={http://dx.doi.org/10.1103/PhysRevD.100.022001},
   DOI={10.1103/physrevd.100.022001},
   number={2},
   journal={Physical Review D},
   publisher={American Physical Society (APS)},
   author={Amole, C. and Ardid, M. and Arnquist, I. J. and Asner, D. M. and Baxter, D. and Behnke, E. and Bressler, M. and Broerman, B. and Cao, G. and Chen, C. J. and et al.},
   year={2019},
   month={Jul},
   eprint={1902.04031v1},
   archivePrefix={arXiv},
   primaryClass={astro-ph.CO}
}
